@phdthesis{Pham2019MachineAdvisory,
    title = {{Machine learning-based flight trajectories prediction and air traffic conflict resolution advisory}},
    year = {2019},
    author = {Pham, Duc-Thinh},
    number = {2019PSLEP027},
    month = {6},
    url = {https://tel.archives-ouvertes.fr/tel-02870575},
    school = {Universit{\'{e}} Paris sciences et lettres},
    keywords = {Conflict resolution ; Air traffic control ; Machine learning ; R{\'{e}}solution de conflit}
}